<?xml version="1.0" encoding="UTF-8"?><collection xmlns="http://www.loc.gov/MARC21/slim"><record><leader>00675nam--2200205-i-4500</leader><controlfield tag="001">000036704</controlfield><controlfield tag="002">20161230</controlfield><controlfield tag="005">20161230201041</controlfield><controlfield tag="008">060222s1000------------r-----000-0-ger-d</controlfield><datafield ind1=" " ind2=" " tag="040"><subfield code="a">IFIN-HH</subfield></datafield><datafield ind1=" " ind2=" " tag="041"><subfield code="a">ger</subfield></datafield><datafield ind1=" " ind2=" " tag="080"><subfield code="a">539.124.143:535.853.621.37.019</subfield></datafield><datafield ind1="1" ind2=" " tag="100"><subfield code="a">Schneider, Fritz</subfield></datafield><datafield ind1="1" ind2="0" tag="245"><subfield code="a">Elektronenspin-resonanz. experimentelle technik. experimental techniques in electron spin resonance</subfield><subfield code="b">Thiemig-taschenbucher band 40</subfield><subfield code="c">Fritz schneider, martin plato</subfield></datafield><datafield ind1=" " ind2=" " tag="260"><subfield code="a">Munchen</subfield><subfield code="b">Verlag Karl Thiemig Kg</subfield><subfield code="c">1971</subfield></datafield><datafield ind1=" " ind2=" " tag="300"><subfield code="a">VIII + 214P</subfield></datafield><datafield ind1=" " ind2=" " tag="490"><subfield code="a">Thiemig-taschenbucher</subfield><subfield code="v">Band 40</subfield></datafield><datafield ind1="1" ind2=" " tag="700"><subfield code="a">Plato, Martin</subfield></datafield><datafield ind1=" " ind2=" " tag="852"><subfield code="a">19423</subfield><subfield code="c">539</subfield></datafield><datafield ind1=" " ind2=" " tag="CAT"><subfield code="a">Sys</subfield><subfield code="c">20110929</subfield><subfield code="h">091503</subfield></datafield></record></collection>